@article{Chen2009Sketch2Photo,
  title={Sketch2Photo},
  author={Chen, Tao and Cheng, Ming Ming and Tan, Ping and Shamir, Ariel and Hu, Shi Min},
  journal={Acm Transactions on Graphics},
  volume={28},
  number={5},
  year={2009},
}

@inproceedings{Cao2010MindFinder,
  title={MindFinder:interactive sketch-based image search on millions of images},
  author={Cao, Yang and Wang, Hai and Wang, Changhu and Li, Zhiwei and Zhang, Liqing and Zhang, Lei},
  booktitle={International Conference on Multimedea 2010, Firenze, Italy, October},
  pages={1605-1608},
  year={2010},
}

@inproceedings{Goodfellow2014Generative,
  title={Generative adversarial nets},
  author={Goodfellow, Ian J. and Pouget-Abadie, Jean and Mirza, Mehdi and Xu, Bing and Warde-Farley, David and Ozair, Sherjil and Courville, Aaron and Bengio, Yoshua},
  booktitle={International Conference on Neural Information Processing Systems},
  pages={2672-2680},
  year={2014},
}

@inproceedings{Isola2017Image,
  title={Image-to-Image Translation with Conditional Adversarial Networks},
  author={Isola, Phillip and Zhu, Jun Yan and Zhou, Tinghui and Efros, Alexei A.},
  booktitle={IEEE Conference on Computer Vision and Pattern Recognition},
  pages={5967-5976},
  year={2017},
}

@inproceedings{pix2pixHD,
  title={High-Resolution Image Synthesis and Semantic Manipulation with Conditional GANs},
  author={Ting-Chun Wang, Ming-Yu Liu, Jun-Yan Zhu, Andrew Tao, Jan Kautz, Bryan Catanzaro, NVIDIA Corporation, UC Berkeley},
  booktitle={Computer Vision and Pattern Recognition},
  pages={},
  year={2017},
}

@article{DBLP:journals/corr/abs-1711-11585,
  author    = {Ting{-}Chun Wang and
               Ming{-}Yu Liu and
               Jun{-}Yan Zhu and
               Andrew Tao and
               Jan Kautz and
               Bryan Catanzaro},
  title     = {High-Resolution Image Synthesis and Semantic Manipulation with Conditional
               GANs},
  journal   = {CoRR},
  volume    = {abs/1711.11585},
  year      = {2017},
  url       = {http://arxiv.org/abs/1711.11585},
  archivePrefix = {arXiv},
  eprint    = {1711.11585},
  timestamp = {Mon, 13 Aug 2018 16:46:00 +0200},
  biburl    = {https://dblp.org/rec/bib/journals/corr/abs-1711-11585},
  bibsource = {dblp computer science bibliography, https://dblp.org}
}

@article{Mirza2014Conditional,
  title={Conditional Generative Adversarial Nets},
  author={Mirza, Mehdi and Osindero, Simon},
  journal={Computer Science},
  pages={2672-2680},
  year={2014},
}

@article{Chen2016InfoGAN,
  title={InfoGAN: Interpretable Representation Learning by Information Maximizing Generative Adversarial Nets},
  author={Chen, Xi and Duan, Yan and Houthooft, Rein and Schulman, John and Sutskever, Ilya and Abbeel, Pieter},
  year={2016},
}

@inproceedings{Cao2010MindFinder,
  title={MindFinder:interactive sketch-based image search on millions of images},
  author={Cao, Yang and Wang, Hai and Wang, Changhu and Li, Zhiwei and Zhang, Liqing and Zhang, Lei},
  booktitle={International Conference on Multimedea 2010, Firenze, Italy, October},
  pages={1605-1608},
  year={2010},
}

@article{Eitz2010An,
  title={An evaluation of descriptors for large-scale image retrieval from sketched feature lines},
  author={Eitz, Mathias and Hildebrand, Kristian and Boubekeur, Tamy and Alexa, Marc},
  journal={Computers & Graphics},
  volume={34},
  number={5},
  pages={482-498},
  year={2010},
}

@inproceedings{Hu2010Gradient,
  title={Gradient field descriptor for sketch based retrieval and localization},
  author={Hu, Rui and Barnard, Mark and Collomosse, John},
  booktitle={IEEE International Conference on Image Processing},
  pages={1025-1028},
  year={2010},
}

@inproceedings{Wang2010MindFinder,
  title={MindFinder:image search by interactive sketching and tagging},
  author={Wang, Changhu and Li, Zhiwei and Zhang, Lei},
  booktitle={International Conference on World Wide Web},
  pages={1309-1312},
  year={2010},
}

@article{Eitz2011Photosketcher,
  title={Photosketcher: interactive sketch-based image synthesis.},
  author={Eitz, M and Richter, R and Hildebrand, K and Boubekeur, T and Alexa, M},
  journal={IEEE Computer Graphics & Applications},
  volume={31},
  number={6},
  pages={56-66},
  year={2011},
}

@inproceedings{Cao2011Edgel,
  title={Edgel index for large-scale sketch-based image search},
  author={Cao, Yang and Wang, Changhu and Zhang, Liqing and Zhang, Lei},
  booktitle={Computer Vision and Pattern Recognition},
  pages={761-768},
  year={2011},
}

@inproceedings{Hu2011A,
  title={A bag-of-regions approach to sketch-based image retrieval},
  author={Hu, Rui and Wang, Tinghuai and Collomosse, John},
  booktitle={IEEE International Conference on Image Processing},
  pages={3661-3664},
  year={2011},
}

@article{Hu2013A,
  title={A performance evaluation of gradient field HOG descriptor for sketch based image retrieval â˜†},
  author={Hu, Rui and Collomosse, John},
  journal={Computer Vision & Image Understanding Cviu},
  volume={117},
  number={7},
  pages={790-806},
  year={2013},
}

@article{Lin20143D,
  title={3D Sub-query Expansion for Improving Sketch-Based Multi-view Image Retrieval},
  author={Lin, Yen Liang and Huang, Cheng Yu and Wang, Hao Jeng and Hsu, Wei Chou},
  pages={3495-3502},
  year={2014},
}

@article{Zhu2017Unpaired,
  title={Unpaired Image-to-Image Translation using Cycle-Consistent Adversarial Networks},
  author={Zhu, Jun Yan and Park, Taesung and Isola, Phillip and Efros, Alexei A},
  pages={2242-2251},
  year={2017},
}

@article{Chen2018SketchyGAN,
  title={SketchyGAN: Towards Diverse and Realistic Sketch to Image Synthesis},
  author={Chen, Wengling and Hays, James},
  year={2018},
}

@article{Kazemi2018Facial,
  title={Facial Attributes Guided Deep Sketch-to-Photo Synthesis},
  author={H Kazemi, M Iranmanesh, A Dabouei, S Soleymani, NM Nasrabadi},
  journal={IEEE Winter Applications of Computer Vision Workshops (WACVW)}
  year={2018}
}

@INPROCEEDINGS{Kazemi2018Facial,
author = {H. Kazemi and M. Iranmanesh and A. Dabouei and S. Soleymani and N. M. Nasrabadi},
booktitle = {2018 IEEE Winter Applications of Computer Vision Workshops (WACVW)},
title = {Facial Attributes Guided Deep Sketch-to-Photo Synthesis},
year = {2018},
volume = {00},
number = {},
pages = {1-8},
keywords={Face;Training;Generators;Gallium nitride;Hidden Markov models;Linear programming;Law enforcement},
doi = {10.1109/WACVW.2018.00006},
url = {doi.ieeecomputersociety.org/10.1109/WACVW.2018.00006},
ISSN = {},
month={Mar}
}


